@online{sysid, author = "", title = "System Identification Overview", url  = "https://www.mathworks.com/help/ident/gs/about-system-identification.html#bqzn94b", adendum = "(accessed: 01.01.2020)"}

@book{latexcompanion,
    author    = "",
    title     = "EEE3094S Helicopter Laboratory Manual",
    year      = "2021",
    publisher = "",
    }
%Add your references here
%go to - https://www.overleaf.com/learn/latex/Bibliography_management_in_LaTeX#The_bibliography_file
% to see how to add different references